% Referenzen von Jérôme
%
% Siehe [[Benutzer:Jérôme/Referenzen]]
%
% Diese Datei ist in UTF-8.
%
% These Bibtex entries do not contain the most information possible. They
% are shorted to look good in papers I write.  Unused keys are "commented
% out" by prefixing the key name with "_". 
%
% References from [[Jérôme/References]] have names like bNN, where NN is there number
% DAI references have the same names as in the Βιβτεχ file, but with
% four-digit to avoid conflicts when both bibs are used. 
%
% This file is incomplete.  It only contains references I have needed in
% publications. 
%

%
% Names:
%
% NACHNAME, VORNAME von [order by last name]
% NACHNAME, VORNAME van [Dutch]
% VORNAME Van NACHNAME [Belgian]
%

%%
%% References from [[Jérôme/References]]
%% 
@inproceedings{b6,
	title = {Smoothing of Recommenders' Ratings for Collaborative
                  Filtering}, 
	author = {Han-Shen Huang and Chun-Nan Hsu},
	booktitle = {Proc. Conf. on Artificial Intelligence and
                  Applications}, 
	year = {2001},
}

@article{b7,
	author = {Ken Goldberg and Theresa Roeder and Dhruv Gupta and Chris Perkins},
	title = {{E}igentaste: A Constant Time Collaborative Filtering Algorithm},
	journal = {Information Retrieval},
	volume = {4},
	number = {2},
	year = {2001},
	pages = {133--151},
}

@misc{b8,
	author = {Panagiotis Symeonidis Alexandros},
	title = {Nearest-biclusters Collaborative Filtering},
}

@inproceedings{b10,
	author = {Jonathan Herlocker and Joseph Konstan and Al Borchers and John Riedl},
	title = {An Algorithmic Framework for Performing Collaborative Filtering},
	booktitle = {Proc. Int. Conf. on Research and Development in Information Retrieval},
	year = {1999},
	pages = {230--237},
}

@article{b11,
	author = {Jonathan Herlocker and Joseph Konstan and Loren Terveen and John Riedl},
	title = {Evaluating Collaborative Filtering Recommender Systems},
	journal = {ACM Trans. Information Systems},
	volume = {22},
	number = {1},
	year = {2004},
	pages = {5--53},
}

@inproceedings{b12,
 	author = {Charu C. Aggarwal and Joel L. Wolf and Kun-Lung Wu and Philip S. Yu},
	title = {Horting Hatches an Egg: A New Graph-theoretic Approach to Collaborative Filtering},
 	booktitle = {Proc. Int. Conf. on Knowledge Discovery and Data Mining},
	year = {1999},
	pages = {201--212},
}

@article{b13,
	author = {Batul J. Mirza and Benjamin J. Keller and Naren Ramakrishnan},
	title = {Studying Recommendation Algorithms by Graph Analysis},
	_url = {http://www.citebase.org/abstract?id=oai:arXiv.org:cs/0104009},
	year = {2001},
	journal={Intelligent Information Systems},
	volume = {20},
	number = {2},
	pages = {131--160},
}

@inproceedings{b15,
  author = "François Fouss and Alain Pirotte and Marco Saerens",
  title = "The Application of New Concepts of Dissimilarities between Nodes of a Graph
    to Collaborative Filtering",
  url = "citeseer.ist.psu.edu/fouss04application.html" ,
  year={2004},
  booktitle={Proc. Workshop on Statistical Approaches for Web Mining},
  pages={26--37}
}  

@article{b16,
 author = {Douglas J. Klein},
 title = {Resistance-Distance Sum Rules},
 journal = {Croatica Chemica Acta},
 volume = {75},
 number = {2},
 year = {2002},
 pages = {633--649},
 }


@article{b18,
  author = {F.~Y. Wu},
  title = {Theory of Resistor Networks: the Two-point Resistance},
  journal = {Physics A},
  volume = {37},
  pages = {6653--6673},
  year = {2004}
}

@book{b19,
  author = {Peter G. Doyle and J.~Laurie Snell},
  title = {Random Walks and Electric Networks},
  year = {1984},
  publisher="Math. Ass. of America",  
}

@inproceedings{b25,
	title = {Empirical Analysis of Predictive Algorithms for Collaborative Filtering},
	author = {Breese, John  S.  and Heckerman, David   and Kadie, Carl  },
        booktitle= {Proc. Conf. on Uncertainty in Artificial Intelligence},
        year = {1998},
	pages = {43--52}
}

@inproceedings{ b26,
    author = "Upendra Shardanand and Patti Maes",
    title = "Social Information Filtering: Algorithms for Automating ``Word of Mouth''",
    booktitle = "Proc. Conf. on Human Factors in Computing Systems",
    volume = "1",
    pages = "210--217",
    year = "1995",
    url = "citeseer.ist.psu.edu/shardanand95social.html" }

@article{b27,
	author = {Jon Kleinberg},
	title = {Authoritative Sources in a Hyperlinked Environment},
	journal = {ACM},
	volume = {46},
	number = {5},
	year = {1999},
	pages = {604--632},
}

@inproceedings{b29,
 author = {Justin Basilico and Thomas Hofmann},
 title = {A Joint Framework for Collaborative and Content Filtering},
 booktitle = {Proc. Int. Conf. on Research and Development in Information Retrieval},
 year = {2004},
 pages = {550--551}
}

@inproceedings{b30,
	title = {Unifying Collaborative and Content-based Filtering},
	author = {Justin Basilico and Thomas Hofmann},
	booktitle = {Proc. Int. Conf. on Machine Learning},
	year = {2004},
}

@inproceedings{b31,
	author = {Thomas Hofmann},
	title = {Collaborative Filtering via {G}aussian Probabilistic Latent Semantic Analysis},
	booktitle = {Proc. Int. Conf. on Research and Development in Information Retrieval},
	year = {2003},
	pages = {259--266},
}

@article{b33,
 author = {Mukund Deshpande and George Karypis},
 title = {Item-based Top-{N} Recommendation Algorithms},
 journal = {ACM Trans. Information Systems},
 volume = {22},
 number = {1},
 year = {2004},
 pages = {143--177}
}

@article{b34,
 author = {Thomas Hofmann},
 title = {Latent semantic models for collaborative filtering},
 journal = {ACM Trans. Information Systems},
 volume = {22},
 number = {1},
 year = {2004},
 issn = {1046-8188},
 pages = {89--115},
 publisher = {ACM Press},
 address = {New York, NY, USA},
}

@inproceedings{b36,
 author = {Noriaki Kawamae and Katsumi Takahashi},
 title = {Information retrieval based on collaborative filtering with latent interest semantic map},
 booktitle = {Proc. Int. Conf. on Knowledge Discovery and Data Mining},
 year = {2005},
 isbn = {1-59593-135-X},
 pages = {618--623},
}

@inproceedings{b37,
 author = {Yu Chuan and Xu Jieping and Du Xiaoyong},
 title = {Recommendation Algorithm Combining the User-Based Classified Regression and the Item-Based Filtering},
 booktitle = {Proc. Int. Conf. on Electronic Commerce},
 year = {2006},
 _isbn = {1-59593-392-1},
 pages = {574--578},
 _location = {Fredericton, New Brunswick, Canada},
 _publisher = {ACM Press},
}

@inproceedings{b41,
  author = "Chris H.Q. Ding",
  title = "Document Retrieval and Clustering: From Principal Component Analysis to
    Self-aggregation Networks",
  url = "citeseer.ist.psu.edu/ding03document.html",
  booktitle={Proc. Int. Workshop on Artificial Intelligence and Statistics},
  year=2003,
}

@inproceedings{b42,
    author = "Jonathan Herlocker and Joseph Konstan and John Riedl",
    title = "Explaining collaborative filtering recommendations",
    booktitle = "Computer Supported Cooperative Work",
    pages = "241-250",
    year = "2000",
}

@inproceedings{ b43,
  author = "M. Connor and Jonathan Herlocker",
  title = "Clustering Items for Collaborative Filtering",
  year = "2001",
  url = "citeseer.ist.psu.edu/connor01clustering.html" , 
  booktitle = {SIGIR 2001 Workshop on Recommender Systems},
  location= {New Orleans, Louisiana}
}

@inproceedings{b44,
	author = {Matthew R. McLaughlin and Jonathan Herlocker},
	title = {A collaborative filtering algorithm and evaluation metric that accurately model the user experience},
	booktitle = {Proc. Int. Conf. on Research and Development in Information Retrieval},
	year = {2004},
	pages = {329--336},
}


@article{b54,
 author = {Kai Yu and Anton Schwaighofer and Volker Tresp and Xiaowei Xu and
                  Hans-Peter Kriegel}, 
 title = {Probabilistic Memory-Based Collaborative Filtering},
 journal = {Trans. on Knowledge and Data Engineering},
 volume = {16},
 number = {1},
 year = {2004},
 issn = {1041-4347},
 pages = {56--69},
 doi = {http://dx.doi.org/10.1109/TKDE.2004.1264822},
 _publisher = {IEEE Educational Activities Department},
 _address = {Piscataway, NJ, USA},
 }

@inproceedings{b55,
	author = {Rong Jin and Luo Si and ChengXiang Zhai and Jamie Callan},
	title = {Collaborative filtering with decoupled models for preferences and ratings},
	booktitle = {Proc. Int. Conf. on Information and Knowledge Management},
	year = {2003},
	pages = {309--316},
}

@inproceedings{b56,
 author = {Michael P. O'Mahony and Neil J. Hurley and Guenole C. M. Silvestre},
 title = {Utility-based neighbourhood formation for efficient and robust collaborative filtering},
 booktitle = {Proc. Conf. on Electronic Commerce},
 year = {2004},
 isbn = {1-58113-711-0},
 pages = {260--261},
 location = {New York, NY, USA},
 doi = {http://doi.acm.org/10.1145/988772.988823},
 publisher = {ACM},
 _address = {New York, NY, USA},
 }

@inproceedings{b67,
	author = {Ravi Kumar and Uma Mahadevan and D. Sivakumar},
	title = {A Graph-theoretic Approach to Extract Storylines from Search Results},
	booktitle = {Proc. Int. Conf. on Knowledge Discovery and Data Mining},
	year = {2004},
	pages = {216--225},
}

@inproceedings{b68,
	author = {Huang, Zan   and Chung, Wingyan   and Ong, Thian-Huat   and Chen, Hsinchun  },
	citeulike-article-id = {373702},
	booktitle = {Proc. Int. Conf. on Digital Libraries},
	keywords = {digital_libraries recommender_systems},
	pages = {65--73},
	priority = {3},
	title = {A Graph-based Recommender System for Digital Library},
	url = {http://delivery.acm.org/10.1145/550000/544231/p65-huang.pdf?key1=544231\&key2=8265870311\&coll=GUIDE\&dl=ACM\&CFID=56965103\&CFTOKEN=1581829},
	year = {2002}
}

@inproceedings{b70,
 author = {Bin Gao and Tie-Yan Liu and Xin Zheng and Qian-Sheng Cheng and Wei-Ying Ma},
 title = {Consistent bipartite graph co-partitioning for star-structured
                  high-order heterogeneous data co-clustering}, 
 booktitle = {Proc. Int. Conf. on Knowledge Discovery and Data Mining},
 year = {2005},
 isbn = {1-59593-135-X},
 pages = {41--50},
 _location = {Chicago, Illinois, USA},
 doi = {http://doi.acm.org/10.1145/1081870.1081879},
 _publisher = {ACM Press},
 }

@inproceedings{ b73,
  author = "L. Ungar and D. Foster",
  title = "A formal statistical approach to collaborative filtering",
  _text = "L. Ungar and D. Foster. A formal statistical approach to collaborative
    filtering. In CONALD'98, 1998.",
  year = "1998",
  url = "citeseer.ist.psu.edu/ungar98formal.html" ,
  booktitle= "Proc. Conf. on Automated Learning and Discovery"
}

@inproceedings{b75,
	author = {D. Nichols},
	title = {Implicit Rating and Filtering},
	pages = {31--36},
	booktitle = {Proc. DELOS Workshop on Filtering and Collaborative Filtering},
	year = {1998}
}

@inproceedings{ b77,
    author = "David Pennock and Eric Horvitz and Steve Lawrence and C. Lee Giles",
    title = "Collaborative Filtering by Personality Diagnosis: A Hybrid Memory-
                  and Model-based Approach", 
    booktitle = "Proc. Conf. on Uncertainty in Artificial Intelligence",
    _address = "Stanford, CA",
    pages = "473--480",
    year = "2000",
    url = "citeseer.ist.psu.edu/pennock00collaborative.html" 
}

@inproceedings{b78,
 author = {Gui-Rong Xue and Chenxi Lin and Qiang Yang and WenSi Xi and Hua-Jun Zeng and Yong Yu and Zheng Chen},
 title = {Scalable collaborative filtering using cluster-based smoothing},
 booktitle = {Proc. Int. Conf. on Research and Development in Information Retrieval},
 year = {2005},
 _isbn = {1-59593-034-5},
 pages = {114--121},
 _location = {Salvador, Brazil},
 doi = {http://doi.acm.org/10.1145/1076034.1076056},
 _publisher = {ACM Press},
 _address = {New York, NY, USA},
 }

@inproceedings{b82,
    author = "P. Resnick and N. Iacovou and M. Suchak and P. Bergstorm and John Riedl",
    title = {Group{L}ens: An Open Architecture for Collaborative Filtering of {N}et{N}ews},
    booktitle = {Proc. Conf. on Computer Supported Cooperative Work},
    pages = "175--186",
    year = "1994",
}

@article{b83,
 author = {David Goldberg and David Nichols and Brian M. Oki and Douglas Terry},
 title = {Using collaborative filtering to weave an information tapestry},
 journal = {Commun. ACM},
 volume = {35},
 number = {12},
 year = {1992},
 issn = {0001-0782},
 pages = {61--70},
 doi = {http://doi.acm.org/10.1145/138859.138867},
 publisher = {ACM Press},
 }

@book{b89,
  author={Rama Chellappa and Anil Jain},
  title={Markov Random Fields: Theory and Application},
  year={1993},
  isbn={0121706087},
  publisher={Academic Press}
}

@book{b95,
 author = {Judea Pearl},
 title = {Probabilistic Reasoning in Intelligent Systems: Networks of Plausible Inference},
 year = {1988},
 isbn = {0-934613-73-7},
 publisher = {Morgan Kaufmann Publishers Inc.},
 _address = {San Francisco, CA, USA}
}

@book{b96,
  author= {Y. A. Rozanov},
  title={Markov Random Fields},
  year={1983},
  isbn={0387907084},
  publisher={Springer-Verlag}
}

@article{b97,
	author = {Xiao, Wenjun   and Gutman, Ivan  },
	journal = {Theoretica Chimica Acta},
	number = {4},
	pages = {284--289},
	title = {Resistance Distance and {L}aplacian Spectrum},
	volume = {110},
	year = {2003}
}

@article{b101,
	author = {D. J. Klein and M. Randić},
	title = {Resistance Distance},
	journal = {Mathematical Chemistry},
	volume = {12},
	number = {1},
	year = {1993},
	pages = {81--95}
}

@article{b105,
  author={François Fouss and Alain Pirotte and Jean-Michel Renders and Marco
                  Saerens},
  title={Random-walk Computation of Similarities between Nodes of a Graph with
                  Application to Collaborative Recommendation},
  journal={Trans. on Knowledge and Data Engineering},
  volume={19}, 
  number={3},
  year={2007},
  issn={1041-4347},
  pages={355-369},
  doi={http://doi.ieeecomputersociety.org/10.1109/TKDE.2007.46},
  address={Los Alamitos, CA, USA},
}

@inproceedings{b107,
 author = {François Fouss and Alain Pirotte and Marco Saerens},
 title = {A Novel Way of Computing Similarities between Nodes of a Graph, with
                  Application to Collaborative Recommendation},  
 booktitle = {Proc. Int. Conf. on Web Intelligence},
 year = {2005},
 isbn = {0-7695-2415-X},
 pages = {550--556},
 doi = {http://dx.doi.org/10.1109/WI.2005.9},
 }

@inproceedings{b113,
  author={Zan Huang and Daniel D. Zeng},
  title={Why Does Collaborative Filtering Work? -- Recommendation Model Validation and Selection by Analyzing Bipartite Random Graphs},
  booktitle={Proc. Workshop of Information Technologies and Systems},
  _address={Las Vegas, NV},
  year={2005},
}

@article{b114,
 author = {Zan Huang and Hsinchun Chen and Daniel Zeng},
 title = {Applying Associative Retrieval Techniques to Alleviate the Sparsity Problem in Collaborative Filtering},
 journal = {ACM Trans. Inf. Syst.},
 volume = {22},
 number = {1},
 year = {2004},
 issn = {1046-8188},
 pages = {116--142},
 publisher = {ACM Press},
 }

@book{b118,
  author = {Chris D. Godsil and Gordon Royle},
  title = {Algebraic Graph Theory},
  year = {2001},
  publisher = {Springer}
}

@inproceedings{b129,
	author = {Ken Lang},
	title = {{N}ews{W}eeder: Learning to Filter {N}etnews},
	booktitle = {Proc. Int. Conf. on Machine Learning},
	year = {1995},
}

@inproceedings{b120,
  author = "Y. Zhao and G. Karypis",
  title = "Criterion Functions for Document Clustering: Experiments and Analysis",
  year = "2001",
  booktitle= "Technical Report TR 01--40, Department of Computer
    Science, University of Minnesota, Minneapolis, MN",
  url = "citeseer.ist.psu.edu/zhao02criterion.html" 
}

@inproceedings{b121,
  author = "M. Steinbach and G. Karypis and V. Kumar",
  title = "A Comparison of Document Clustering Techniques",
  year = "2000",
  booktitle="Proc. KDD Workshop on Text Mining",
  url = "citeseer.ist.psu.edu/steinbach00comparison.html" 
}

@article{b133,
	author = {Sergey Brin and Lawrence Page},
	title = {The Anatomy of a Large-scale Hypertextual Web Search Engine},
	journal = "Computer Networks and ISDN Systems",
	volume = "30",
	number = "1--7",
	pages = "107--117",
	year = "1998",
}

@book{b135,
	author = {Golub, Gene H. and Van Loan, Charles F.},
	publisher = {The Johns Hopkins University Press},
	title = {Matrix Computations},
	year = {1996}
}

@inproceedings{b137,
	author = {Takahiko Ito and Masashi Shimbo and Taku Kudo and Yuji Matsumoto},
	title = {Application of Kernels to Link Analysis},
	booktitle = {Proc. Int. Conf. on Knowledge Discovery in Data Mining},
	year = {2005},
	isbn = {1-59593-135-X},
	pages = {586--592},
}

@article{b140,
author = {Zan Huang and Daniel Zeng and Hsinchun Chen},
title = {A Comparison of Collaborative-Filtering Recommendation Algorithms for E-commerce},
journal = {IEEE Intelligent Systems},
volume = {22},
number = {5},
year = {2007},
issn = {1541-1672},
pages = {68-78},
_publisher = {IEEE Computer Society},
_address = {Los Alamitos, CA, USA},
}

@article{b142,
	author = {Zan Huang and Wingyan Chung and Hsinchun Chen},
	title = {A Graph Model for {E}-commerce Recommender Systems},
	journal = {American Society for Information Science and
                  Technology}, 
	volume = {55},
	number = {3},
	year = {2004},
	pages = {259--274},
}

@inproceedings{b144,
 author = {Zan Huang and Xin Li and Hsinchun Chen},
 title = {Link prediction approach to collaborative filtering},
 booktitle = {Proc. Joint Conf. on Digital Libraries},
 year = {2005},
 isbn = {1-58113-876-8},
 pages = {141--142},
 location = {Denver, CO, USA},
 _publisher = {ACM},
 _address = {New York, NY, USA},
 }

@ARTICLE{b145,
AUTHOR={Leo Katz},
TITLE={A New Status Index Derived from Sociometric Analysis},
JOURNAL={Psychometrika},
YEAR=1953,
VOLUME={18},
NUMBER={1},
PAGES={39-43},
MONTH={March},
_NOTE={available at http://ideas.repec.org/a/spr/psycho/v18y1953i1p39-43.html}
}

@inproceedings{b147,
    author = {Vaughan Pratt},
    title = {Enriched Categories and the {F}loyd-{W}arshall Connection},
    booktitle = {Proc. Int. Conf. on Algebraic Methodology and Software Technology},
    year = {1989},
    pages = {177--180}
}

@inproceedings{b150,
 author = {Joel C. Miller and Gregory Rae and Fred Schaefer and Lesley A. Ward
                  and Thomas LoFaro and Ayman Farahat}, 
 title = {Modifications of {K}leinberg's {HITS} Algorithm using Matrix
                  Exponentiation and Web Log Records}, 
 booktitle = {Proc. Int. Conf. on Research and Development in Information Retrieval}, 
 year = {2001},
 isbn = {1-58113-331-6},
 pages = {444--445},
 location = {New Orleans, Louisiana, United States},
 _publisher = {ACM},
 _address = {New York, NY, USA},
 }

@inproceedings{b152,
 author = {François Fouss and Luh Yen and Alain Pirotte and Marco Saerens},
 title = {An Experimental Investigation of Graph Kernels on a Collaborative Recommendation Task},
 booktitle = {Proc. Int. Conf. on Data Mining},
 year = {2006},
 isbn = {0-7695-2701-9},
 pages = {863--868},
 doi = {http://dx.doi.org/10.1109/ICDM.2006.18},
 _address = {Washington, DC, USA},
 }


@inproceedings{b153,
	author = "M. Saerens and F. Fouss and L. Yen and P. Dupont",
	title = "The principal component analysis of a graph and its relationships to spectral
    clustering",
	year = "2004",
	booktitle = {Proc. Eur. Conf. on Machine Learning}, 
}

@techreport{b154,
  author="François Fouss and Alain Pirotte and Jean-Michel Renders and Marco
                    Saerens",
  title="A Novel Way of Computing Similarities between Nodes of a Graph, with
                  Application to Collaborative Filtering and Subspace Projection
                  of the Graph Nodes",
    _booktitle="IEEE Trans. Knowl. Data Eng.",
  year="2006",
  institution="Univ. cath. de Louvain"
}

@inproceedings{b155,
  author = "A. Smola and R. Kondor",
  title = "Kernels and Regularization on Graphs",
  booktitle = "Proc. Conf. on Learning Theory and Kernel Machines",
  _text = "A. Smola and R. I. Kondor. Kernels and regularization on graphs. In Learning
    Theory and Kernel Machines, Berlin - Heidelberg, Germany, 2003. Springer
    Verlag.",
  year = "2003",
  _url = "citeseer.ist.psu.edu/smola03kernels.html" ,
  pages="144--158"
}

@inproceedings{b156,
	author = {Risi Kondor and John Lafferty},
	title = {Diffusion Kernels on Graphs and Other Discrete Structures},
	booktitle = {Proc. Int. Conf. on Machine Learning},
	year = {2002},
	pages = {315--322},  
}

@TechReport{b157,
   author  = "V. Hernández and J. E. Román and A. Tomás and V. Vidal",
   title   = "A Survey of Software for Sparse Eigenvalue Problems",
   number  = "STR-6",
   institution = "Universidad Politécnica de Valencia",
   year    = "2006"
}



@article{b160,
 author = {Kalervo Järvelin and Jaana Kekäläinen},
 title = {Cumulated gain-based evaluation of IR techniques},
 journal = {ACM Trans. Inf. Syst.},
 volume = {20},
 number = {4},
 year = {2002},
 issn = {1046-8188},
 pages = {422--446},
 _publisher = {ACM},
 _address = {New York, NY, USA},
}

@inproceedings{b161,
	author = {Robert Bell and Yehuda Koren and Chris Volinsky},
	booktitle = {Proc. Int. Conf. on Knowledge Discovery and Data Mining},
	pages = {95--104},
	title = {Modeling relationships at multiple scales to improve accuracy of large recommender systems},
	year = {2007}
}

@inproceedings{b165,
	title={Incremental {SVD}-Based Algorithms for Highly Scalable Recommender Systems},
	author={Badrul Sarwar and Karypis, George and Joseph Konstan and
                  John Riedl},
	booktitle={Proc. Int. Conf. on Computer and Information Technology},
	year={2002},
	pages= {399--404},
}

@inproceedings{b166,
    author = {Badrul Sarwar and George Karypis and Joseph Konstan and John Riedl},
    title = {Application of Dimensionality Reduction in Recommender Systems--A Case Study},
    booktitle = {Proc. ACM {WebKDD} Workshop},
    year = {2000}
}

@inproceedings{b167,
	title = {Estimation of Rank Deficient Matrices from Partial
                  Observations: Two-step Iterative Algorithms},
	author = {Rui Guerreiro and Pedro Aguiar},
	booktitle = {Proc. Int. Conf. on Energy Minimization Methods in
                  Computer Vision and Pattern Recognition}, 
	year = {2003},
	pages = {450--466},
}

@inproceedings{b178,
	title = {Weighted Low-rank Approximations},
	author = {Nathan Srebro and Tommi Jaakkola},
	booktitle = {Proc. Int. Conf. on Machine Learning},
	year = {2003},
	pages = {720--727},
}

@inproceedings{b179,
	title = {Using Singular Value Decomposition Approximation for
                  Collaborative Filtering}, 
	author = {Sheng Zhang and Weihong Wang and James Ford and Fillia
                  Makedon and Justin Pearlman},
	booktitle = {Proc. Int. Conf. on E-Commerce Technology},
	year = {2005},
	pages = {257--264},
}

@article{b190,
	author = {Pavel Chebotarev and Elena Shamis},
	title = {The Matrix-Forest Theorem and Measuring Relations in Small Social Groups},
	journal = {Automation and Remote Control},
	volume = {58},
	number = {9},
	pages = {1505--1514},
	year = {1997},
}

@article{b191,
  title={On Proximity Measures for Graph Vertices},
  author={P. Chebotarev and E. V. Shamis},
  year={1998},
  number = {10}, 
  journal={Automation and Remote Control},
  pages={1443--1459},
  volume={59}
}

@article{b192,
	title = {A Measure of Betweenness Centrality Based on Random Walks},
	author = {M. E. J. Newman},
	journal = {Social Networks},
	number = {1},
	pages = {39--54},
	volume = {27},
	year = {2005},
}


@inproceedings{b193,
	title = {Directed {L}aplacian Kernels for Link Analysis},
	author = {Pawel Majewski},
	booktitle = {Proc. Int. Conf. on Intelligent Data Engineering
                  and Automated Learning}, 
	year = {2006},
	pages = {314--321},
}

@inproceedings{b197,
	title = {Maximum-Margin Matrix Factorization},
	author = {Nathan Srebro and Jason D. M. Rennie and Tommi
                  S. Jaakola},
	booktitle = {Advances in Neural Information Processing Systems},
	year = {2005},
	pages = {1329--1336}, 
}

@inproceedings{b199,
	title = {Improved Neighborhood-based Collaborative Filtering},
	author = {Robert Bell and Yehuda Koren},
	booktitle = {Proc. KDDCup},
	year = {2007},
	pages = {7--14},
}

@article{b201,
	title = {Toward the Next Generation of Recommender Systems: A
                  Survey of the State-of-the-art and Possible
                  Extensions},  
	author = {Gediminas Adomavicius and Alexander Tuzhilin},
	journal = {Trans. on Knowledge and Data Engineering},
	year = {2005},
	volume = {17},
	pages = {734--749},
}

@inproceedings{b202,
	title = {Collaborative Filtering with Multi-component Rating for
                  Recommender Systems},
	author = {Nachiketa Sahoo and Ramayya Krishnan and George Duncan
                  and James Callan},
	booktitle = {Proc. Workshop on Information Technologies and Systems},
	year = {2006},
}

@inproceedings{b213,
 author = {Hanghang Tong and Christos Faloutsos and Yehuda Koren},
 title = {Fast direction-aware proximity for graph mining},
 booktitle = {Proc. Int. Conf. on Knowledge Discovery and Data Mining},
 year = {2007},
 isbn = {978-1-59593-609-7},
 pages = {747--756},
 _location = {San Jose, California, USA},
 _publisher = {ACM},
 _address = {New York, NY, USA},
 }
	
@inproceedings{b216,
	_address = {New York, NY, USA},
	author = {Lampe, Cliff   and Johnston, Erik  },
	booktitle = {Proc. Int. Conf. on Supporting Group Work},
	citeulike-article-id = {566148},
	doi = {10.1145/1099203.1099206},
	isbn = {1595932232},
	pages = {11--20},
	priority = {3},
	_publisher = {ACM Press},
	title = {Follow the ({S}lash) dot: Effects of Feedback on New Members in an Online Community},
	url = {http://portal.acm.org/citation.cfm?id=1099206},
	year = {2005}
}

@inproceedings{b222,
	title = {Co-ranking Authors and Documents in a Heterogeneous Network},
	author = {Ding Zhou and   Orshanskiy, S.A.  and   Hongyuan Zha and    Giles, C.L.   },
	booktitle = {Proc. Int. Conf. on Data Mining},
	year = {2007},
	pages = {739--744}, 
}

@inproceedings{b223,
 author = {Hanghang Tong and Christos Faloutsos and Jia-Yu Pan},
 title = {Fast Random Walk with Restart and Its Applications},
 booktitle = {Proc. Int. Conf. on Data Mining},
 year = {2006},
 pages = {613--622},
}

@inproceedings{b224,
	title = {Collaborative Machine Learning},
	author = {Thomas Hofmann and Justin Basilico},
	booktitle = {From Integrated Publication and Information Systems to
                  Virtual Information and Knowledge Environments}, 
	pages = {173--182},
	series = {Lecture Notes in Computer Science},
	volume = {3379},
	year = {2005},
}

@inproceedings{b225,
author={Ulrik Brandes and Daniel Fleischer},
title={Centrality Measures Based on Current Flow},
year={2005},
pages={533--544},
booktitle={Proc. Symposium on Theoretical Aspects of Computer Science}
}

@article{b228,
	author = {Watts, D. J.  and Strogatz, S. H.},
	journal = {Nature},
	month = {June},
	number = {6684},
	pages = {440--442},
	title = {Collective Dynamics of `Small-world' Networks},
	volume = {393},
	year = {1998}
}

@article{b233,
	author = {Bo Yang and William Cheung and Jiming Liu},
	title = {Community Mining from Signed Social Networks},
	journal = {Trans. on Knowledge and Data Engineering},
	volume = {19},
	number = {10},
	year = {2007},
	pages = {1333--1348},
}


@inproceedings{b234,
   author      = {Theodorakopoulos, George and Baras, John S.},
   booktitle   = {Proc. Int. Symposium on Mathematical Theory of
                 Networks and Systems},
   documenturl = {http://infoscience.epfl.ch/getfile.py?recid=111323&mode=best},
   keywords    = {trust; semiring; attack tolerance},
   _location    = {Kyoto, Japan},
   oai-id      = {oai:infoscience.epfl.ch:111323},
   oai-set     = {conf; fulltext},
   pages       = {509--514},
   _publisher   = {MTNS},
   review      = {REVIEWED},
   status      = {PUBLISHED},
   title       = {Linear Iterations on Ordered Semirings for Trust
                 Metric Computation and Attack Resiliency
                 Evaluation},
   unit        = {LCA},
   url         = {http://www-ics.acs.i.kyoto-u.ac.jp/mtns06/},
   year        = 2006
}

@inproceedings{b235,
	title = {The {P}age{T}rust Algorithm: How to Rank Web Pages when Negative Links are Allowed?},
	author = {Cristobald De Kerchove and Van Dooren, Paul},
	booktitle = {Proc. SIAM Int. Conf. on Data Mining},
	pages = {346--352},
	year = {2008},
} 

@inproceedings{b236,
	author = {Sepandar D. Kamvar and Mario T. Schlosser and Hector Garcia-Molina},
	title = {The {E}igen{T}rust Algorithm for Reputation Management in {P}2{P} Networks},
	booktitle = {Proc. Int. World Wide Web Conf.},
	year = {2003},
	pages = {640--651},
}


@inproceedings{b237,
title={Page-re{R}ank: Using Trusted Links to Re-Rank Authority},
author={Massa, P. and Hayes, C.},
booktitle={Proc. Int. Conf. on Web Intelligence},
year={2005},
pages={ 614--617},
}

@article{b239,
title={Co-authorship, Rational {E}rdős Numbers, and Resistance Distances in Graphs},
author={Balaban, Alexandru T. and Klein, Douglas J.},
journal={Scientometrics},
year={2002},
volume={55},
pages={59--70},
number={1}
}

@article{b242,
	title = {Graph Evolution: Densification and Shrinking
                  Diameters},
	author = {Jure Leskovec and Jon Kleinberg and Christos
                  Faloutsos}, 
	journal = {ACM Trans. Knowledge Discovery from Data},	
	year = {2007},
	volume = {1},
	number = {1},
	pages = {1--40},
}

@inproceedings{b244,
 author = {Yi Wu and Edward Y. Chang},
 title = {Distance-function Design and Fusion for Sequence Data},
 booktitle = {Proc. Int. Conf. on Information and Knowledge Management},
 year = {2004},
 _isbn = {1-58113-874-1},
 pages = {324--333},
 _location = {Washington, D.C., USA},
 _publisher = {ACM},
 _address = {New York, NY, USA},
}

@inproceedings{b246,
 author = {Inderjit S. Dhillon and Yuqiang Guan and Brian Kulis},
 title = {Kernel k-Means: Spectral Clustering and Normalized Cuts},
 booktitle = {Proc. Int. Conf. Knowledge Discovery and Data Mining},
 year = {2004},
 pages = {551--556}
 }

@inproceedings{b247,
	author = {Sun, J.  and Zeng, H.  and Liu, H.  and Lu, Y.  and Chen, Z. },
	title = {Cube{SVD}: A Novel Approach to Personalized Web Search},
	year = {2005},
	booktitle = {Proc. Int. World Wide Web Conf.},
	pages = {382--390},
}


@article{b249,
    author = {Pavel Chebotarev and Elena Shamis},
    title = {The Forest Metric for Graph Vertices},
    journal = {Electronic Notes in Discrete Mathematics},
    volume={11},
    year = {2002},
    pages = {98--107}
}

@article{b253,
  author = {Rafig Agaev and Pavel Chebotarev},
  title = {On the Spectra of Nonsymmetric {L}aplacian Matrices},
  year = {2005},
  journal={Linear Algebra and Its Applications},
  volume={399},
  pages={157--168}
}

@inproceedings{b256,
	author = {David Liben-Nowell and Jon Kleinberg},
	title = {The Link Prediction Problem for Social Networks},
	booktitle = {Proc. Int. Conf. on Information and Knowledge Management},
	year = {2003},
	pages = {556--559},
}

@article{b257,
	author = {Robert Bell and Yehuda Koren},
	title = {Lessons from the {N}etflix {P}rize Challenge},
	journal = {SIGKDD Explorations Newsletter},
	volume = {9},
	number = {2},
	year = {2007},
	pages = {75--79},
}

@inproceedings{b260,
	author = {Michael Brzozowski and Tad Hogg and Gabor Szabo},
	title = {Friends and Foes: Ideological Social Networking},
	booktitle = {Proc. Conf. on Human Factors in Computing Systems},
	year = {2008},
	pages = {817--820},
}

@inproceedings{b262,
 author = {Scott White and Padhraic Smyth},
 title = {Algorithms for Estimating Relative Importance in Networks},
 booktitle = {Proc. Int. Conf. on Knowledge Discovery and Data Mining},
 year = {2003},
 isbn = {1-58113-737-0},
 pages = {266--275},
 _location = {Washington, D.C.},
 _publisher = {ACM},
 _address = {New York, NY, USA},
 }

@inproceedings{b263,
	author = {Jaz Kandola and John Shawe-Taylor and Nello Cristianini},
	title = {Learning Semantic Similarity},
	booktitle = {Advances in Neural Information Processing Systems},
	year = {2002},
	pages = {657--664},
}	

@book{b268,
	author = {Scott, J. },
	_citeulike-article-id = {1580014},
	_keywords = {phd-draft},
	_priority = {2},
	publisher = {Sage Publications},
        title = {Social Network Analysis: A Handbook},
	year = {2000}
}

@article{b269,
 author = {Gabriela Kalna and Desmond J. Higham},
 title = {A Clustering Coefficient for Weighted Networks, with Application to Gene Expression Data},
 journal = {AI Commun.},
 volume = {20},
 number = {4},
 year = {2007},
 issn = {0921-7126},
 pages = {263--271},
 _publisher = {IOS Press},
 _address = {Amsterdam, The Netherlands, The Netherlands},
}

@inproceedings{b270,
	title = {Multiple Relationship Types in Online Communities and Social Networks},
	author = {Hogg, T. and Wilkinson, D. and Szabo, G. and Brzozowski, M.},
	year = {2008},
	booktitle = {Proc. AAAI Spring Symposium on Social Information Processing},
}

@techreport{b271,
	author = {Page, Lawrence   and Brin, Sergey   and Motwani, Rajeev   and Winograd, Terry  },
	title = {The {P}age{R}ank Citation Ranking: Bringing Order to the Web},
	year = {1998},
	institution = {Stanford Digital Library Technologies Project}
}

@inproceedings{b272,
 author = {Marc A. Najork and Hugo Zaragoza and Michael J. Taylor},
 title = {Hits on the Web: How does it Compare?},
 booktitle = {Proc. Int. Conf. on Research and Development in Information Retrieval},
 year = {2007},
 pages = {471--478},
 }

@inproceedings{b273,
 author = {Lin Xiao and Jun Sun and Stephen Boyd},
 title = {A Duality View of Spectral Methods for Dimensionality Reduction},
 booktitle = {Proc. Int. Conf. on Machine learning},
 year = {2006},
 pages = {1041--1048},
}

@article{b280,
	title = {An r-Dimensional Quadratic Placement Algorithm},
	author = {Kenneth M. Hall},
	journal = {Management Science}, 
	volume = {17},
	year = {1970},
	pages = {219--229},
	number = {3},
}

@inproceedings{b283,
	author = {Sameer Agarwal and Kristin Branson and Serge Belongie},
	title = {Higher Order Learning with Graphs},
	booktitle = {Proc. Int. Conf. on Machine Learning},
	year = {2006},
	pages = {17--24}
}

@article{b284,
	author = "Patrick Doreian and Andrej Mrvar",
	title = "A Partitioning Approach to Structural Balance",
	journal = "Social Networks",
	volume = "18",
	year = "1996",
	pages = "149--168"
}

@book{b285,
	author = {Fan Chung},
	title = {Spectral Graph Theory},
	year = {1997},
	publisher = {American Mathematical Society}
}	

@inproceedings{b287,
	author = {Mikhail Belkin and Partha Niyogi},
	title = {{L}aplacian Eigenmaps and Spectral Techniques for Embedding and Clustering},
	booktitle = {Advances in Neural Information Processing Systems},
	year = {2002},
	pages = {585--591},
}

@techreport{b289,
  title = {A Short Tour of Kernel Methods for Graphs},
  author = {Thomas Gärtner and Quoc V. Le and Alex J. Smola},
  year = {2006},
} 

@article{b292,
	author = {Jonathan D. Cohen},
	title = {Drawing Graphs to Convey Proximity: An Incremental Arrangement Method},
	journal = {ACM Trans. Computer-Human Interaction},
	volume = {4},
	number = {3},
	year = {1997},
	pages = {197--229},
}

@article{b293, 
	title = {A Multilinear Singular Value Decomposition},
	author = {Lieven De Lathauwer and Bart De Moor and Joos
                  Vandewalle}, 
	journal = {Matrix Analysis and Applications},
	volume = {21},
	number = {4},
	year = {2000},
	pages = {1253--1278},
}

@article{b294,
  author = {Bojan Mohar},
  title = {The {L}aplacian Spectrum of Graphs},
  year = {1991},
  journal = {Graph Theory, Combinatorics, Applications},
  volume = {2},
  pages = {871--898},
  publisher = {Wiley}  
}

@inbook{b296,
	author = {Lawrence K. Saul and Kilian Q. Weinberger and Fei Sha and Jihun Ham and Daniel D. Lee},
	chapter = {Spectral Methods for Dimensionality Reduction},
	title = {Semi-supervised Learning},
	year = {2006},
        publisher = {MIT Press},
	editor = {Olivier Chapelle and Bernhard Schölkopf and Alexander Zien},
}

@inproceedings{b301,
	author = {Cattuto, Ciro   and Benz, Dominik   and Hotho, Andreas   and Stumme, Gerd  },
	title = {Semantic Analysis of Tag Similarity Measures in Collaborative Tagging Systems},
	year = {2008},
        booktitle = {Proc. Workshop on Ontology Learning and Population}
}

@article{b304,
	title = {A Tutorial on Spectral Clustering},
	author = {Luxburg, Ulrike von},
	journal = {Statistics and Computing},
	volume = {17},
	number = {4},
	year = {2007},
	pages = {395--416},
}

@inproceedings{b306,
	title = {A Kernel View of the Dimensionality Reduction of
                  Manifolds},
	author = {Jihun Ham and Daniel D. Lee and Sebastian Mika and
                  Bernhard Schölkopf},
	booktitle = {Proc. Int. Conf. on Machine Learning},
	year = {2004},
	pages = {47}, 
}

@article{b308,
	title = {Feature Discovery in Non-metric Pairwise Data},
	author = {Julian Laub and Klaus-Robert Müller},
	journal = {Machine Learning Research},
	volume = {5},
	year = {2004},
	pages = {801--818},
}

@inproceedings{b309,
  author = {Inderjit S. Dhillon},
  title = {Co-clustering Documents and Words using Bipartite Spectral Graph Partitioning},
  booktitle = {Proc. Int. Conf. on Knowledge Discovery and Data Mining},
  year = {2001},
  pages = {269--274},
}

@inproceedings{b311,
	author = {Lukáš Brožovský and Václav Petříček},
	title = {Recommender System for Online Dating Service},
	booktitle = {Proc. Znalosti},
	year = {2007},
	pages = {29--40},
}

@inproceedings{b312,
 author = {Chris H. Q. Ding and Xiaofeng He and Hongyuan Zha},
 title = {A Spectral Method to Separate Disconnected and Nearly-disconnected Web Graph Components},
 booktitle = {Proc. Int. Conf. on Knowledge Discovery and Data Mining},
 year = {2001},
 pages = {275--280},
 }

@inproceedings{b319,
	author = {Zhiqiang Bi and Christos Faloutsos and Flip Korn},
	title = {The ``{DGX}'' Distribution for Mining Massive, Skewed Data},
 	booktitle = {Proc. Int. Conf. on Knowledge Discovery and Data Mining},
	year = {2001},
	pages = {17--26}, 
}

@inproceedings{b320,
	author = {Christos Gkantsidis and Milena Mihail and Ellen Zegura},
	title = {Spectral Analysis of {Internet} Topologies},
	booktitle = {Proc. Joint Conf. IEEE Computer and Communications Societies},
	year = {2003},
	pages = {364--374},
}

@inproceedings{b321,
  author = {Fei Wang and Tao Li and Changshui Zhang},
  title = {Semi-Supervised Clustering via Matrix Factorization},
  booktitle = {Proc. SIAM Int. Conf. on Data Mining},
  year = {2008},
  pages = {1--12}
}	

@article{b322,
  author = {K. E. Read},
  title = {Cultures of the {C}entral {H}ighlands, {N}ew {G}uinea},
  year = {1954},
  volumne = {10},
  number = {1},
  journal = {Southwestern J. of Anthropology},
  pages = {1--43}
}

@book{b323,
	title = {Structural Models in Anthropology},
	author = {Per Hage and Frank Harary},
	year = {1983},
	publisher = {Cambridge University Press}
}

@unpublished{b324,
   author = {Thomas Zaslavsky},
   title = {Matrices in the Theory of Signed Simple Graphs},
   year = {2008},
   note = {submitted}
}

@inproceedings{b325,
 author = {Ramanathan Guha and Ravi Kumar and Prabhakar Raghavan and Andrew Tomkins},
 title = {Propagation of Trust and Distrust},
 booktitle = {Proc. Int. World Wide Web Conf.},
 year = {2004},
 pages = {403--412},
}

@inproceedings{b331,
	author = {Vicenç Gómez and Andreas Kaltenbrunner and Vicente López},
	title = {Statistical Analysis of the Social Network and Discussion Threads in {S}lashdot},
	booktitle = {Proc. Int. World Wide Web Conf.},
	year = {2008},
	pages = {645--654},
}

@inproceedings{b332,
	title = {{DBpedia.org}--Querying {W}ikipedia like a Database},
	author = {Christian Bizer and Cyganiak, R. and Auer, S. and Kobilarov, G.},
	booktitle = {Proc. Int. World Wide Web Conf.},
	year = {2007}, 
}

@inproceedings{b333,
	title = {{YAGO}--A Core of Semantic Knowledge},
	author = {Fabian Suchanek and Gjergji Kasneci and Gerhard Weikum},
	booktitle = {Proc. Int. World Wide Web Conf.},
	year = {2007},
	pages = {697--706},
}

@article{b334,
  title = {Social Status in an Open-source Community},
  author = {Daniel Stewart},
  year = {2005},
  volume = {70},
  number = {5},
  journal = {American Sociological Review},
  pages = {823--842}
}

@article{b335,
	author = {Gediminas Adomavicius and Ramesh Sankaranarayanan and Shahana Sen and Alexander Tuzhilin},
	title = {Incorporating Contextual Information in Recommender Systems using a Multidimensional Approach},
	journal = {ACM Trans. Information Systems},
	volume = {23},
	number = {1},
	year = {2005},
	pages = {103--145}
}

@article{b343,
  title={Amazon.com Recommendations: Item-to-item Collaborative Filtering},
  author={Linden, G. and Smith, B. and York, J.},
  journal={IEEE Internet Computing},
  year={2003},
  volume={7},
  number={1},
  pages={76--80}
}

@misc{b344,
	title = {The {C}inematch System: Operation, Scale Coverage, Accuracy, Impact},
	author = {Bennett, Jim},
	howpublished = {Summer School on the Present and Future
                  of Recommender Systems},  
	year = {2006}
}

@inproceedings{b345,
    author = {Bryan Klimt and Yiming Yang},
    title = {The {Enron} Corpus: A New Dataset for Email Classification Research},
    booktitle = {Proc. Eur. Conf. on Machine Learning},
    year = {2004},
    pages = {217--226}
}

@inproceedings{b346,
	title = {{B}ib{S}onomy: A Social Bookmark and Publication Sharing System},
	author = {Andreas Hotho and Robert Jäschke and Christoph Schmitz and Gerd Stumme},
	booktitle = {Proc. Workshop on Conceptual Structure Tool Interoperability},
	pages = {87--102},
	year = {2006}
}

@inproceedings{b347,
	author = {Thomas Hofmann},
	title = {Probabilistic Latent Semantic Analysis},
	booktitle = {Proc. Conf. on Uncertainty in Artificial Intelligence},
	year = {1999},
	pages = {289--296}
}

@article{b349,
	author = {Emamy, Kevin   and Cameron, Richard  },
	journal = {Ariadne},
	number = {51},
	title = {{C}ite{UL}ike: A Researcher's Social Bookmarking Service},
	year = {2007}
}

@article{b350,
  title={A least-squares Approach to Joint Diagonalization},
  author={Wax, M. and Sheinvald, J.},
  journal={IEEE Signal Processing Letters},
  year={1997},
  volume={4},
  number={2},
  pages={52--53}
}

@article{b351,
  title = {Bounds for the Least {L}aplacian Eigenvalue of a Signed Graph},
  author = {Hou, Yao},
  journal = {Acta Mathematica Sinica},
  volume = {21},
  number = {4},
  year = {2005},
  pages = {955--960}
}	

@article{b352,
	author = {M. E. J. Newman},
	title = {The Structure of Scientific Collaboration Networks},
	year = {2001},
	journal = {Proc. National Academy of Sciences},
	pages = {404--409},
	volume = {98},
	number = {2},
}

@inproceedings{b353,
  author    = {Alberto Muñoz and Javier González},
  title     = {Joint Diagonalization of Kernels for Information Fusion},
  booktitle = {Proc. Iberoamerican Congress on Pattern Recognition},
  year      = {2007},
  pages     = {556--563}
}

@inproceedings{b354,
	author = {Wang, Yang and Wang, Haofen and Zhu, Haiping and Yu, Yong},
	booktitle = {Natural Language Processing and Information Systems},
	pages = {48--60},
	title = {Exploit Semantic Information for Category Annotation
                  Recommendation in {W}ikipedia}, 
	year = {2007}
}

@article{b355,
	title = {On the Notion of Balance of a Signed Graph},
	author = {Frank Harary},
	journal = {Michigan Math.},
	year = {1953},
	volume = {2},	
	pages = {143--146},
	number = {2}
}

@article{b356,
	title = {On the {L}aplacian Eigenvalues of Signed Graphs},
	author = {Yaoping. P. Hou and Jiongsheng S. Li and Yongliang Pan},
	journal = {Linear and Multilinear Algebra},
	year = {2003},
	number = {51},
	volume = {1},
	pages = {21--30}
}

@inproceedings{b357,
  author    = {Yehuda Koren and Liran Carmel and David Harel},
  title     = {{ACE}: A Fast Multiscale Eigenvectors Computation for Drawing
               Huge Graphs},
  booktitle = {Symposium on Information Visualization},
  year      = {2002},
  pages     = {137-144},
}

@article{b358,
	title = {Latent {D}irichlet Allocation},
	author = {David Blei and Andrew Ng and Michael Jordan
                  and John Lafferty}, 
	journal = {Machine Learning Research},
	year = {2003},
	volume = {3},
	pages = {993--1022}
}

@book{b359,
	title = {Modern Information Retrieval},
	author = {Ricardo Baeza-Yates and Berthier Ribeiro-Neto},
	year = {1999},
	publisher = {Addison Wesley}
}

@inproceedings{b360,
	author = {Ivan Titov and Ryan McDonald},
	title = {Modeling Online Reviews with Multi-grain Topic Models},
	booktitle = {Proc. Int. World Wide Web Conf.},
	year = {2008},
	pages = {111--120},
}

@article{b362,
	title = {A Characterization of the Smallest Eigenvalue of a Graph},
	author = {Madhav Desai and Vasant Rao},
	journal = {Graph Theory},
	volume = {18},
	number = {2},
	pages = {181--194},
	year = {1994},
}

@article{b365,
	title = {Dual Graphs and Knot Invariants},
	author = {Magnhild Lien and William Watkins},
	journal = {Linear Algebra and its Applications},
	volume = {306},
	number = {1},
	year = {2000},
	pages = {123--130},
}

@inproceedings{b367,
	title = {Controversial Users Demand Local Trust Metrics: an
                  Experimental Study on {epinions.com} Community},
	author = {Paolo Massa and Paolo Avesani},
	booktitle = {Proc. American Association for Artificial
                  Intelligence Conf.},
	year = {2005},
	pages = {121--126},
}

@inproceedings{b371,
	title = {Online-updating Regularized Kernel Matrix Factorization
                  Models for Large-scale Recommender Systems}, 
	author = {Steffen Rendle and Lars Schmidt-Thieme}, 
	booktitle = {Proc. Int. Conf. on Recommender Systems},
	year = {2008}, 
	pages = {251--258},
}

@inproceedings{b372,
	title = {Matrix Factorization and Neighbor Based Algorithms for
                  the {N}etflix {P}rize Problem},
	author = {Gábor Takács and István Pilászy and Bottyán Németh and
                  Domonkos Tikk},
	year = {2008},
	booktitle = {Proc. Int. Conf. on Recommender Systems},
	pages = {267--274},
}

@inproceedings{b374,
	title = {Factorization Meets the Neighborhood: a Multifaceted
                  Collaborative Filtering Model},
	author = {Yehuda Koren},
	booktitle = {Proc. Int. Conf. on Knowledge Discovery and Data
                  Mining},
	year = {2008},
	pages = {426--434},
}

@inproceedings{b376,
	author = {Bronwyn H. Hall and Adam B. Jaffe and Manuel Trajtenberg},
	title = {The {NBER} Patent Citations Data File: Lessons, Insights and Methodological Tools},
	booktitle = {{NBER} Working Papers 8498, National Bureau of Economic Research, Inc},
	year = {2001}, 
}

@inproceedings{b379,
	title = {Combining Content and Link for Classification using
                  Matrix Factorization}, 
	author = {Shenghuo Zhu and Kai Yu and Yun Chi and Yihong Gong}, 
	booktitle = {Proc. Int. Conf. on Research and Development in Information Retrieval},
	year = {2007},
	pages = {487--494}, 
}

@inproceedings{b387,
	title = {Relation between {PLSA} and {NMF} and Implications},
	author = {Eric Gaussier and Cyril Goutte},
	booktitle = {Proc. Int. Conf. on Research and Development in Information Retrieval},
	year = {2005},
	pages = {601--602},
}

@inproceedings{b388,
	author = {Ian Porteous and Evgeniy Bart and Max Welling},
	title = {Multi-{HDP}: A Non Parametric Bayesian Model for Tensor Factorization},
	booktitle = {Proc. AAAI Conf. on Artificial Intelligence},
	year = {2008},
	pages = {1487--1490},
}

@inproceedings{b390,
	author = {Ulrik Brandes and Patrick Kenis and Jürgen Lerner and
                  Raaij, Denise van}, 
	title = {Network Analysis of Collaboration Structure in
                  {W}ikipedia}, 
	booktitle = {Proc. Int. World Wide Web Conf.},
	pages = {731--740},
	year = {2009},
}

@article{b391,
	title = {Learning Probabilistic Models of Link Structure},
	author = {Lise Getoor and Nir Friedman and Daphne Koller and Benjamin Taskar},
	year = {2002},
	journal = {Machine Learning Research},
	volume= {3},
	pages = {679--707},
}

@inproceedings{b393,
	title = {Algorithms for Non-negative Matrix Factorization},
	author = {Daniel D. Lee and Sebastian H. Seung},
	booktitle = {Advances in Neural Information Processing Systems},
	year = {2000},
	pages = {556--562},
}

@article{b396,
	author = {Réka Albert and Hawoong Jeong and Albert-László Barab\'{a}si},
	title = {The Diameter of the {W}orld {W}ide {W}eb},
	journal = {Nature},
	volume = {401},
	pages = {130},
	year = {1999},
}

@article{b397,
	title = {Engineering a Multi-purpose Test Collection for {W}eb Retrieval Experiments}, 
	author = {Peter Bailey and Nick Craswell and David Hawking},
	journal = {Information Processing and Management},
	volume = {39},
	number = {6},
	pages = {853--871},
	year = {2003},
}

@article{b400,
	title = {Summarizing Dynamic Bipolar Conflict Structures},
	author = {Ulrik Brandes and Daniel Fleischer and Jürgen Lerner}, 
	journal = {Trans. on Visualization and Computer Graphics},
	volume = {12},
	number = {6},
	pages = {1486--1499},
	year = {2006},
}

@inproceedings{b401,
	author = {Zhang, Dell and Mao, Robert},
	title = {Classifying Networked Entities with Modularity Kernels},
	booktitle = {Proc. Conf. on Information and Knowledge
                  Management},  
	year = {2008},
	pages = {113--122},
}

@inproceedings{b405,
	title = {On Spectral Graph Drawing},
	author = {Yehuda Koren},
	booktitle = {Proc. Int. Computing and Combinatorics Conf.}, 
	year = {2003},
	pages = {496--508},
}

@inbook{b406,
	chapter = {Visualization of Conflict Networks},
	author = {Ulrik Brandes and Jürgen Lerner},
	pages = {169--188},
	publisher = {IOS Press},
	year = {2008},
	volume = {36},
	title = {{NATO} Science for Peace and Security Series {E}:
                  Human and Societal Dynamics},
}

@article{b413,
	title = {Finding Community Structure in Networks using the
                  Eigenvectors of Matrices},
	author = {M. E. J. Newman},
	journal = {Phys. Rev. E},
	volume = {74},
	year = {2006},
}

@inproceedings{b421,
	author = {Scott A. Golder and Dennis M. Wilkinson and Bernardo
                  A. Huberman}, 
	title = {Rhythms of social interaction: messaging within a 
                  massive online network}, 
	year = {2007},
	booktitle = {Proc. Int. Conf. on Communities and Technologies}, 
}

@inproceedings{b426,
	author = {Ian M Soboroff and Charles K. Nicholas},
	title = {Combining Content and Collaboration in Text Filtering},
	booktitle = {Proc. Workshop on Machine Learning for Information Filtering},
	year = {1999},
	pages = {86--91}, 
}

@inproceedings{b427,
	title = {Freebase: A Collaboratively Created Graph Database for
            Structuring Human Knowledge},
	author = {Kurt Bollacker and Colin Evans and Praveen Paritosh
                  and Tim Sturge and Jamie Taylor},
	booktitle = {Proc. Int. Conf. on Management of Data}, 
	year = {2008},
	pages = {1247--1249},
}

@misc{b430,
	title = {{O}pen {IPTV} {F}orum},
	author = {{Members of the {O}pen {IPTV} {F}orum}},
	note = {Whitepaper},
	year = {2009},
}

@inproceedings{b431,
	title = {Introducing the {Enron} Corpus},
	author = {Bryan Klimt and Yiming Yang},
	booktitle = {Proc. Conf. on Email and Anti-spam},
	year = {2004},
}

@inproceedings{b433,
	author = {George W. Furnas and Scott C. Deerwester and Susan
                  T. Dumais and Thomas K. Landauer and Richard
                  A. Harshman and Lynn A. Streeter and Karen E. Lochbaum},
	title = {Information Retrieval using a Singular Value Decomposition Model
               of Latent Semantic Structure},
	booktitle = {Proc. Int. Conf. on Research and Development in
                  Information Retrieval}, 
  	year      = {1988},
 	pages     = {465--480},
}

@article{b434,
	title = {Some Mathematical Notes on Three-mode Factor Analysis}, 
	author = {Ledyard R. Tucker},
	journal = {Psychometrika},
	volume = {31},
	number = {3},
	year = {1966},
	pages = {279--311},
}

@article{b435,
	title = {Analysis of Individual Differences in Multidimensional
                  Scaling via an $n$-way Generalization Of
                  ``{Eckart}--{Young}'' Decomposition},
	author = {J. Carroll and Jih-Jie Chang},
	journal = {Psychometrika},
	volume = {35},
	number = {3},
	year = {1970},
	pages = {283--319},
}

@inproceedings{b436,
	title = {{F}lickr Tag Recommendation based on Collective
                  Knowledge}, 
	author = {Börkur Sigurbjörnsson and Zwol, Roelof van},
	booktitle = {Proc. Int. World Wide Web Conf.}, 
	year = {2008}, 
	pages = {327--336}, 
}

@book{b437,
	title = {{W}ord{N}et: an Electronic Lexical Database}, 
	editor = {Christiane Fellbaum}, 
	publisher = {MIT Press}, 
	year = {1998},
}

@article{b438,
	title = {Probabilistic {H}orn Abduction and {B}ayesian
                  Networks}, 
	author = {Poole, David},
	journal = {Artificial Intelligence}, 
	volume = {64},
	number = {1},
	year = {1993},
	pages = {81--129},
}

@article{b439,
	title = {Emergence of Scaling in Random Networks},
	author = {Albert-László Barabási and Réka Albert},
	journal = {Science},
	number = {5439},
	pages = {509--512},
	volume = {286},
	year = {1999},
}

@inproceedings{b441,
	title = {Improving Social Filtering Techniques through
                  {WordNet}-based User Profiles},  
	author = {Pasquale Lops and Marco Degemmis and Giovanni
                  Semeraro}, 
	booktitle = {Proc. Int. Conf. on User Modeling}, 
	year = {2007},
	pages = {268--277}, 
}

@article{b452,
	title = {Normalized Cuts and Image Segmentation},
	author = {Jianbo Shi and Jitendra Malik},
	journal = {IEEE Trans. on Pattern Analysis and Machine Intelligence},
	volume = {22},
	number = {8},
	pages = {888--905},
	year = {2000},
}

@inproceedings{b453,
	title = {On Spectral Clustering: Analysis and an Algorithm},  
	author = {Andrew Y. Ng and Michael I. Jordan and Yair Weiss},
	booktitle = {Advances in Neural Information Processing Systems},
	year = {2001},
	pages = {849--856},
}

@article{b456,
	title = {Spectral Measures of Bipartivity in Complex Networks},
	author = {Ernesto Estrada and Juan A. Rodríguez-Velázquez},
	journal = {Phys. Rev. E},
	year = {2005},
	volume = {72},
}

@inproceedings{b461,
	title = {Microscopic Evolution of Social Networks},
	author = {Jure Leskovec and Lars Backstrom and Ravi Kumar and Andrew Tomkins},
 	booktitle = {Proc. Int. Conf. on Knowledge Discovery and Data Mining},
	year = {2008},
	pages = {462--470},
}

@article{b475,
	author = {Lada Adamic and Eytan Adar},
	title = {Friends and Neighbors on the Web},
	journal = {Social Networks},
	year = {2001},
	volume = {25},
	pages = {211--230}, 
}

@inproceedings{b479,
	author = {Cardoso, J. R. and Leite, F. Silva},
	title = {Computing the Inverse Matrix Hyperbolic Sine},
	booktitle = {Proc. Int. Conf. on Numerical Analysis and its
                  Applications},  
	year = {2001},
	pages = {160--169},
}

@inproceedings{b480,
	author = {Viswanath, Bimal and Mislove, Alan and Cha, Meeyoung
                  and Gummadi, Krishna P.},
	title = {On the Evolution of User Interaction in {Facebook}},
	booktitle = {Proc. Workshop on Online Social Networks},
	year = {2009},
	pages = {37--42},
 }

@inproceedings{b482,
	title = {Fast Nonparametric Matrix Factorization for Large-scale 
		Collaborative Filtering},
	author = {Kai Yu and Shenghuo Zhu and John Lafferty and Yihong Gong},
	booktitle = {Proc. Int. Conf. on Research and Development in Information 
		Retrieval},
	year = {2009},
	pages = {211--218},
}

@inproceedings{b494,
	title = {Growth of the {Flickr} Social Network},
	author = {Alan Mislove and Hema Swetha Koppula and Krishna
                  P. Gummadi and Peter Druschel and Bobby
                  Bhattacharjee}, 
	booktitle = {Proc. Workshop on Online Social Networks},
	year = {2008},
	pages = {25--30}, 
}

@inproceedings{b497,
	title = {Collaborative Filtering with Temporal Dynamics},
	author = {Yehuda Koren},
 	booktitle = {Proc. Int. Conf. on Knowledge Discovery and Data Mining},
	year = {2009},
	pages = {447--456},
}

@article{b507,
	title = {Eigenvalues of Rank-one Updated Matrices with some
                  Applications},
	author = {Jiu Ding and Aihui Zhou},
	journal = {Applied Mathematics Letters},
	volume = {20},
	number = {12},
	year = {2007},
	pages = {1223--1226},
}

@article{b508,
	title = {Rank-one Modification of the Symmetric Eigenproblem},
	author = {James Bunch and Christopher Nielsen and Danny Sorensen},
	journal = {Numerische Mathematik},
	volume = {31},
	number = {1},
	year = {1978},
	pages = {31--48},
}

@inproceedings{b515,
	title = {Beyond Streams and Graphs: Dynamic Tensor Analysis},
	author = {Jimeng Sun and Dacheng Tao and Christos Faloutsos},
 	booktitle = {Proc. Int. Conf. on Knowledge Discovery and Data Mining},
	year = {2006},
	pages = {374--383},
}

@book{b516,
	title = {Linear Algebra and Its Applications},
	author = {Peter D. Lax},
	year = {1984},
	publisher = {John Wiley \& Sons},
}

@phdthesis{b518,
	title = {Online Social Networks: Measurement, Analysis, and
                  Applications to Distributed Information Systems}, 
	author = {Alan Mislove},
	school = {Rice University},
	year = {2009}, 
}

@inproceedings{b520,
	title = {The {Netflix} Prize},
	author = {James Bennett and Stan Lanning},
	year = {2007},
	booktitle = {Proc. KDD Cup},
	pages = {3--6},
} 

@book{b521,
	title = {Introduction to Information Retrieval},
	author = {Christopher D. Manning and Prabhakar Raghavan and
                  Hinrich Schütze},
	year = {2008},
	publisher = {Cambridge University Press},
}

@inproceedings{b523,
	title = {Improving Recommendation Lists through Topic Diversification},
	author = {Cai-Nicolas Ziegler and Sean M. McNee and Joseph
                  A. Konstan and Georg Lausen},  
	booktitle = {Proc. Int. World Wide Web Conf.},
	year = {2005},
	pages = {22--32},
}

@inproceedings{b524,
	title = {{CiteSeer}: An Autonomous Web Agent for Automatic
                  Retrieval and Identification of Interesting
                  Publications}, 
	author = {Kurt Bollacker and Steve Lawrence and C. Lee Giles},
	booktitle = {Proc. Int. Conf. on Autonomous Agents},
	year = {1998},
	pages = {116--123},
}

@inproceedings{b525,
	title = {The {DBLP} Computer Science Bibliography: Evolution,
                  Research Issues, Perspectives}, 
	author = {Michael Ley},
	booktitle = {Proc. Int. Symposium on String Processing and
                  Information Retrieval}, 
	year = {2002},
	pages = {1--10},
}

@inproceedings{b526,
	title = {The Resistance Distance is Meaningless for Large Random
                  Geometric Graphs},
	author = {Agnes Radl and Luxburg, Ulrike von and Matthias Hein},
	booktitle = {Proc. Workshop on Analyzing Networks and Learning
                  with Graphs}, 
	year = {2009},
	_pages = {},
}

@techreport{b528,
	title = {Perturbation Theory for the Singular Value Decomposition}, 
	author = {G. W. Stewart},
	year = {1990},
	institution = {Univ. of Maryland, College Park},
}

@inproceedings{b530,
	title = {Link Prediction in Relational Data},
	author = {Ben Taskar and Ming-Fai Wong and Pieter Abbeel and
                  Daphne Koller},
	booktitle = {Advances in Neural Information Processing Systems},
	year = {2003},
	pages = {},
}

@article{b531,
	title = {On Network Bipartivity},
	author = {Petter Holme and Fredrik Liljeros and Christofer
                  R. Edling and Kim, Beom Jun},
	journal = {Phys. Rev. E},
	year = {2003},
	volume = {68},
	pages = {6653--6673},
}

%%
%% Web sites
%%

@misc{snap.stanford.edu,
      author = {Jure Leskovec},
      title = {Stanford Network Analysis Project},
      month = {January},
      year = {2010},
      howpublished = {\url{http://snap.stanford.edu/}},
}

@misc{download.wikimedia.org,
	author = {{Wikimedia Foundation}},
	title = {Wikimedia Downloads},
	month = {January},
	year = {2010},
	howpublished = {\url{http://download.wikimedia.org/}},
}

@misc{www.grouplens.org/node/73,
	author = {{GroupLens Research}},
	title = {{MovieLens} Data Sets},
	month = {October},
	year = {2006},
	howpublished = {\url{http://www.grouplens.org/node/73}},
}

%%
%% DAI references 
%%
@inproceedings{kunegis2007a,
	author = {Jérôme Kunegis and Stephan Schmidt},
	title = {Collaborative Filtering using Electrical Resistance Network Models
                  with Negative Edges},  
	booktitle = {Proc. Industrial Conf. on Data Mining},
	year = {2007},
	pages= {269--282}
}

@inproceedings{kunegis2007b,
	author = {Jérôme Kunegis and Sahin Albayrak},
	title = {Adapting Ratings in Memory-Based Collaborative
                  Filtering using Linear Regression}, 
	booktitle={Proc. Int. Conf. on Information Reuse and Integration},
	year = {2007}, 
}

@inproceedings{kunegis2007c, 
	author = {Jérôme Kunegis and Andreas Lommatzsch and Martin
                  Mehlitz and Sahin Albayrak},
	title = {Assessing the Value of Unrated Items in Collaborative Filtering},
	booktitle = {Proc. Int. Conf. on Digital Information Management},
	year = {2007},
	pages={212--216}, 
}

@inproceedings{kunegis:netflix-srd,
	author = {Jérôme Kunegis and Stephan Schmidt and Christian Bauckhage
                  and Martin Mehlitz and Albayrak, Sahin}, 
	title = {Modeling Collaborative Similarity with the Signed
                  Resistance Distance Kernel}, 
	booktitle = {Proc. European Conf. on Artificial Intelligence},
	year = {2008},
	pages = {261--265},
}

@inproceedings{kunegis2008b,
	author = {Jérôme Kunegis and Andreas Lommatzsch and Christian
                  Bauckhage and Sahin Albayrak}, 
	title = {On the Scalability of Graph Kernels Applied to
                  Collaborative Recommenders}, 
	booktitle = {Proc. ECAI 2008 Workshop on Recommender Systems},
	year = {2008},
	pages = {35--38},
}

@inproceedings{kunegis2008c,
  author = {Jérôme Kunegis and Andreas Lommatzsch and Christian Bauckhage},
  title = {Alternative Similarity Functions for Graph Kernels},
  booktitle = {Proc. Int. Conf. on Pattern Recognition},
  year = {2008}
}

@inproceedings{kunegis:slashdot-zoo,
	author = {Jérôme Kunegis and Andreas Lommatzsch and Christian Bauckhage},
	title = {The {Slashdot Zoo}:  Mining a Social Network with Negative Edges},
	year = {2009},
	booktitle = {Proc. Int. World Wide Web Conf.},
	pages = {741--750},	
	_aka = {kunegis 2009 a},
}

@inproceedings{kunegis:spectral-transformation, 
	title = {Learning Spectral Graph Transformations for Link Prediction},
	author = {Jérôme Kunegis and Andreas Lommatzsch},
	year = {2009},
	booktitle = {Proc. Int. Conf. on Machine Learning},
	pages = {561--568},
        _aka = {kunegis 2009 b},
}

@misc{kunegis:universal-recommender,
	title = {The {Universal Recommender}},
	author = {Jérôme Kunegis and Alan Said and Winfried Umbrath},
	year = {2009}, 
	howpublished = {White paper}, 
}

@inproceedings{kunegis:signed-kernels,
	author = {Jérôme Kunegis and Stephan Schmidt and Andreas
                  Lommatzsch and Jürgen Lerner and Ernesto W. De Luca
                  and Sahin Albayrak},
	title = {Spectral Analysis of Signed Graphs for Clustering,
                  Prediction and Visualization}, 
	booktitle = {Proc. SIAM Int. Conf. on Data Mining},
	year = {2010},
	_aka = {kunegis 2010 b},
}

@inproceedings{kunegis:spectral-network-evolution,
	author = {Jérôme Kunegis and Christian Bauckhage and Damien Fay
                  and Ernesto W. De Luca and Sahin Albayrak}, 
	title = {Network Growth and the Spectral Evolution Hypothesis}, 
	year = {2010}, 
	note = {Submitted}, 
}

@inproceedings{kunegis:hyperbolic-sine,
	author = {Jérôme Kunegis and Ernesto W. De Luca and Sahin
                  Albayrak},
	title = {The Link Prediction Problem in Bipartite Networks}, 
	year = {2010},
	booktitle = {Proc. Int. Conf. in Information Processing and
                  Management of Uncertaintyin Knowledge-based Systems}, 
	_note = {Submitted}, 
}

@inproceedings{karatas2010,
	title = {Connecting Senior Citizens through Interactive {TV}},
	author = {Barış Karataş and Torsten Schmidt and Jérôme Kunegis and Till Plumbaum},
	year = {2010},
	booktitle = {Proc. Ambient Assisted Living},
}

@inproceedings{hahne2006,
	author = {Michael Hahne and Corinna Jung and Jérôme Kunegis and
                  Andreas Lommatzsch and André Paus},
	title = {Ein gradualisiertes {C}ommunitymodell zur {B}ildung
                  wissenschaftlicher {G}emeinschaften und seine {A}nwendung
                  auf die {E}ntwicklung von {S}ocial {S}oftware},
	year = {2006},
	booktitle = {Proc. {INFORMATIK}},
}

@article{albayrak2007b,
	author = {Sahin Albayrak and Stefan Wollny and Andreas Lommatzsch and Dragan
	Milošević},
	title = {Agent Technology for Personalized Information Filtering: The {PIA} System},
	journal = {Scalable Computing: Practice and Experience},
	year = {2007},
	volume = {8},
	pages = {29--40},
	number = {1}, 
}

@techreport{strecker2007a,
	author = {Thomas Strecker and Danuta Ploch and Martin Kurze and Sahin Albayrak},
	title = {{XSLT}-based Web-content Extraction},
	institution = {DAI-Labor, Technische Universität Berlin},
	year = {2007}
}

@inproceedings{wetzker2007a,
	author = {Christian Bauckhage and Tansu Alpcan and Sachin Agarwal and Florian
		Metze and Robert Wetzker and Milena Ilić and Sahin Albayrak},
	title = {An Intelligent Knowledge Sharing System for Web Communities},
	booktitle = {Proc. Int. Conf. on Systems, Man and Cybernetics},
	year = {2007},
	pages = {3069--3074}
}

@inproceedings{wetzker2008a,
	author = {Robert Wetzker and Carsten Zimmermann and Christian Bauckhage},
	title = {Analyzing Social Bookmarking Systems: A {del.icio.us} Cookbook},
	booktitle = {Proc. ECAI Mining Social Data Workshop},
	year = {2008},
	pages = {26--30},
}

@inproceedings{wetzker2009a,
	author = {Robert Wetzker and Winfried Umbrath and Alan Said},
	title = {A Hybrid Approach to Item Recommendation in
                  Folksonomies}, 
	booktitle = {Workshop on Exploiting Semantic Annotations in
                  Information Retrieval}, 
	year = {2009},
	pages = {25--29},
}

@inproceedings{lommatzsch2007a,
  author = {Andreas Lommatzsch and Martin Mehlitz and Jérôme Kunegis},
  title = {A Multi-agent Framework for Personalized Information Filtering},
  booktitle = {Proc. German e-{S}cience},
  year = {2007},
}

@inproceedings{mehlitz2007b,
  author = {Martin Mehlitz and Jérôme Kunegis and Sahin Albayrak},
  title = {Using Novel {IR} Measures to Learn Optimal Cluster Structures for Web
	Information Retrieval},
  booktitle = {Proc. Int. Conf. Web Intelligence},
  year = {2007},
}

@inproceedings{mehlitz2007c,
  author = {Martin Mehlitz and Christian Bauckhage and Jérôme Kunegis
                  and Sahin
	Albayrak},
  title = {A New Evaluation Measure for Information Retrieval Systems},
  booktitle = {Proc. Int. Conf. on Systems, Man and Cybernetics},
  year = {2007},
}

@inproceedings{milosevic2007a,
	author = {Dragan Milošević and Jérôme Kunegis and Sahin
                  Albayrak},
	title = {Resource-Aware Update Policy for Highly Dynamic {P2P}
                  Networks}, 
	booktitle = {Proc. Workshops Int. Conf. on Web Intelligence and
                  Intelligent Agent Technology}, 
	year = {2007}, 
}

@inproceedings{schmidt2007a,
	author = {Stephan Schmidt and Jérôme Kunegis},
	title = {Scalable Bandwidth Reoptimization in Advance
                  Reservation Networks}, 
	booktitle = {Proc. Int. Conf. on Networks},
	year = {2007}, 
}

@inproceedings{spiegel2009a,
	title = {Hydra: A Hybrid Recommender System},
	author = {Stephan Spiegel and Jérôme Kunegis and Fang Li},
	booktitle = {Proc. Workshop on Complex Networks in Information and
                  Knowledge Management}, 
	year = {2009}, 
}
